%% This BibTeX bibliography file was created using BibDesk.
%% http://bibdesk.sourceforge.net/


%% Created for Oliver Beckstein at 2017-02-24 02:03:58 -0700 


%% Saved with string encoding Unicode (UTF-8) 



@article{Dean:2008aa,
	Author = {Dean, Jeffrey and Ghemawat, Sanjay},
	Date-Added = {2017-02-24 08:58:31 +0000},
	Date-Modified = {2017-02-24 08:58:31 +0000},
	Journal = {Communications of the ACM},
	Number = {1},
	Pages = {107--113},
	Publisher = {ACM},
	Title = {MapReduce: simplified data processing on large clusters},
	Volume = {51},
	Year = {2008}}

@article{Cheatham:2015qf,
	Author = {Cheatham, T. and Roe, D.},
	Date-Added = {2017-02-24 08:49:27 +0000},
	Date-Modified = {2017-02-24 08:49:27 +0000},
	Doi = {10.1109/MCSE.2015.7},
	Issn = {1521-9615},
	Journal = {Computing in Science Engineering},
	Keywords = {review; analysis; MD simulation; DNA; REMD; Analytical models;Biological system modeling;Chemistry;Computational modeling;Convergence;Educational institutions;Hardware},
	Number = {2},
	Pages = {30--39},
	Title = {The impact of heterogeneous computing on workflows for biomolecular simulation and analysis},
	Volume = {17},
	Year = {2015},
	Abstract = {The field of biomolecular simulation has matured to the level that detailed, accurate, and functionally relevant information that complements experimental data about the structure, dynamics, and interactions of biomolecules can now be routinely discovered. This has been enabled by access to large scale and heterogeneous high performance computing resources, including special purpose hardware. The improved performance of modern simulation methods coupled with hardware advances is shifting the rate-limiting steps of common biomolecular simulations of small- to moderately-sized systems from the generation of data (for example via production molecular dynamics simulations that used to take weeks or even months) to the pre- and post-processing phases of the workflow, namely simulation set-up and data processing, management, and analysis. Access to heterogeneous computational resources enables a broader exploration of biomolecular structure and dynamics by facilitating distinct aspects of typical biomolecular simulation workflows.},
	Bdsk-File-1 = {YnBsaXN0MDDUAQIDBAUGJCVYJHZlcnNpb25YJG9iamVjdHNZJGFyY2hpdmVyVCR0b3ASAAGGoKgHCBMUFRYaIVUkbnVsbNMJCgsMDxJXTlMua2V5c1pOUy5vYmplY3RzViRjbGFzc6INDoACgAOiEBGABIAFgAdccmVsYXRpdmVQYXRoWWFsaWFzRGF0YV8Qai4uLy4uLy4uLy4uLy4uLy4uLy4uLy4uLy4uL1B1YmxpY2F0aW9ucy9wZGYvQmliRGVzay9Db21wdXRpbmcgaW4gU2NpZW5jZSBFbmdpbmVlcmluZ19QUF9DaGVhdGhhbV8yMDE1YS5wZGbSFwsYGVdOUy5kYXRhTxECJgAAAAACJgACAAAERGF0YQAAAAAAAAAAAAAAAAAAAAAAAAAAAAAA0yQMDEgrAAAAFjJAH0NvbXB1dGluZyBpbiBTY2llbmNlIzE2NDdDMS5wZGYAAAAAAAAAAAAAAAAAAAAAAAAAAAAAAAAAAAAAAAAAAAAWR8HRCBWoAAAAAAAAAAAACQAEAAAJAAAAAAAAAAAAAAAAAAAAAAdCaWJEZXNrAAAQAAgAANMkbnwAAAARAAgAANEIeBgAAAABABQAFjJAABYyPgAWL1gAFT4MAAAZ4QACAFNEYXRhOm9saXZlcjoARG9jdW1lbnRzOgBQdWJsaWNhdGlvbnM6AHBkZjoAQmliRGVzazoAQ29tcHV0aW5nIGluIFNjaWVuY2UjMTY0N0MxLnBkZgAADgBuADYAQwBvAG0AcAB1AHQAaQBuAGcAIABpAG4AIABTAGMAaQBlAG4AYwBlACAARQBuAGcAaQBuAGUAZQByAGkAbgBnAF8AUABQAF8AQwBoAGUAYQB0AGgAYQBtAF8AMgAwADEANQBhAC4AcABkAGYADwAKAAQARABhAHQAYQASAGEvb2xpdmVyL0RvY3VtZW50cy9QdWJsaWNhdGlvbnMvcGRmL0JpYkRlc2svQ29tcHV0aW5nIGluIFNjaWVuY2UgRW5naW5lZXJpbmdfUFBfQ2hlYXRoYW1fMjAxNWEucGRmAAATAA0vVm9sdW1lcy9EYXRhAP//AACABtIbHB0eWiRjbGFzc25hbWVYJGNsYXNzZXNdTlNNdXRhYmxlRGF0YaMdHyBWTlNEYXRhWE5TT2JqZWN00hscIiNcTlNEaWN0aW9uYXJ5oiIgXxAPTlNLZXllZEFyY2hpdmVy0SYnVHJvb3SAAQAIABEAGgAjAC0AMgA3AEAARgBNAFUAYABnAGoAbABuAHEAcwB1AHcAhACOAPsBAAEIAzIDNAM5A0QDTQNbA18DZgNvA3QDgQOEA5YDmQOeAAAAAAAAAgEAAAAAAAAAKAAAAAAAAAAAAAAAAAAAA6A=},
	Bdsk-Url-1 = {http://dx.doi.org/10.1109/MCSE.2015.7}}

@techreport{Fox:2016aa,
	Author = {Fox, Geoffrey and Quiu, Judy and Crandall, David and von Laszewski, Gregor and Jha, Shantenu and Paden, John and Wang, Fusheng and Beckstein, Oliver and Cheatham III, Thomas E.},
	Date-Added = {2017-02-24 08:49:27 +0000},
	Date-Modified = {2017-02-24 08:49:27 +0000},
	Doi = {10.13140/RG.2.2.31163.21289},
	Institution = {Indiana University, Rutgers University, Virginia Tech, University of Kansas, Stony Brook, Arizona State University, University of Utah},
	Keywords = {SPIDAL},
	Title = {Datanet: {CIF21 DIBBs}: Middleware and High Performance Analytics Libraries for Scalable Data Science {NSF14-43054} Progress Report},
	Type = {Technical Report},
	Year = {2016},
	Bdsk-File-1 = {YnBsaXN0MDDUAQIDBAUGJCVYJHZlcnNpb25YJG9iamVjdHNZJGFyY2hpdmVyVCR0b3ASAAGGoKgHCBMUFRYaIVUkbnVsbNMJCgsMDxJXTlMua2V5c1pOUy5vYmplY3RzViRjbGFzc6INDoACgAOiEBGABIAFgAdccmVsYXRpdmVQYXRoWWFsaWFzRGF0YV8QQy4uLy4uLy4uLy4uLy4uLy4uLy4uLy4uLy4uL1B1YmxpY2F0aW9ucy9wZGYvQmliRGVzay9fX0ZveF8yMDE2YS5wZGbSFwsYGVdOUy5kYXRhTxEBoAAAAAABoAACAAAERGF0YQAAAAAAAAAAAAAAAAAAAAAAAAAAAAAA0yQMDEgrAAAAFjJAD19fRm94XzIwMTZhLnBkZgAAAAAAAAAAAAAAAAAAAAAAAAAAAAAAAAAAAAAAAAAAAAAAAAAAAAAAAAAAAAAAAABPar7UBYNlAAAAAAAAAAAACQAEAAAJAAAAAAAAAAAAAAAAAAAAAAdCaWJEZXNrAAAQAAgAANMkbnwAAAARAAgAANQF5dUAAAABABQAFjJAABYyPgAWL1gAFT4MAAAZ4QACAENEYXRhOm9saXZlcjoARG9jdW1lbnRzOgBQdWJsaWNhdGlvbnM6AHBkZjoAQmliRGVzazoAX19Gb3hfMjAxNmEucGRmAAAOACAADwBfAF8ARgBvAHgAXwAyADAAMQA2AGEALgBwAGQAZgAPAAoABABEAGEAdABhABIAOi9vbGl2ZXIvRG9jdW1lbnRzL1B1YmxpY2F0aW9ucy9wZGYvQmliRGVzay9fX0ZveF8yMDE2YS5wZGYAEwANL1ZvbHVtZXMvRGF0YQD//wAAgAbSGxwdHlokY2xhc3NuYW1lWCRjbGFzc2VzXU5TTXV0YWJsZURhdGGjHR8gVk5TRGF0YVhOU09iamVjdNIbHCIjXE5TRGljdGlvbmFyeaIiIF8QD05TS2V5ZWRBcmNoaXZlctEmJ1Ryb290gAEACAARABoAIwAtADIANwBAAEYATQBVAGAAZwBqAGwAbgBxAHMAdQB3AIQAjgDUANkA4QKFAocCjAKXAqACrgKyArkCwgLHAtQC1wLpAuwC8QAAAAAAAAIBAAAAAAAAACgAAAAAAAAAAAAAAAAAAALz}}

@inproceedings{Luckow:2012fk,
	Author = {Luckow, Andre and Santcroos, Mark and Merzky, Andre and Weidner, Ole and Mantha, Pradeep and Jha, Shantenu},
	Booktitle = {E-Science (e-Science), 2012 IEEE 8th International Conference on},
	Date-Added = {2017-02-24 01:23:05 +0000},
	Date-Modified = {2017-02-24 01:23:05 +0000},
	Keywords = {BigJob, SAGA, software, HPC},
	Organization = {IEEE},
	Pages = {1--10},
	Title = {{P*}: A model of pilot-abstractions},
	Year = {2012},
	Bdsk-File-1 = {YnBsaXN0MDDUAQIDBAUGJCVYJHZlcnNpb25YJG9iamVjdHNZJGFyY2hpdmVyVCR0b3ASAAGGoKgHCBMUFRYaIVUkbnVsbNMJCgsMDxJXTlMua2V5c1pOUy5vYmplY3RzViRjbGFzc6INDoACgAOiEBGABIAFgAdccmVsYXRpdmVQYXRoWWFsaWFzRGF0YV8QTS4uLy4uLy4uLy4uLy4uLy4uLy4uLy4uLy4uL1B1YmxpY2F0aW9ucy9wZGYvQmliRGVzay9lU2NpZW5jZV9MdWNrb3dfMjAxMmEucGRm0hcLGBlXTlMuZGF0YU8RAcgAAAAAAcgAAgAABERhdGEAAAAAAAAAAAAAAAAAAAAAAAAAAAAAANMkDAxIKwAAABYyQBllU2NpZW5jZV9MdWNrb3dfMjAxMmEucGRmAAAAAAAAAAAAAAAAAAAAAAAAAAAAAAAAAAAAAAAAAAAAAAAAAAAAFoq+0BfYzgAAAAAAAAAAAAkABAAACQAAAAAAAAAAAAAAAAAAAAAHQmliRGVzawAAEAAIAADTJG58AAAAEQAIAADQGDs+AAAAAQAUABYyQAAWMj4AFi9YABU+DAAAGeEAAgBNRGF0YTpvbGl2ZXI6AERvY3VtZW50czoAUHVibGljYXRpb25zOgBwZGY6AEJpYkRlc2s6AGVTY2llbmNlX0x1Y2tvd18yMDEyYS5wZGYAAA4ANAAZAGUAUwBjAGkAZQBuAGMAZQBfAEwAdQBjAGsAbwB3AF8AMgAwADEAMgBhAC4AcABkAGYADwAKAAQARABhAHQAYQASAEQvb2xpdmVyL0RvY3VtZW50cy9QdWJsaWNhdGlvbnMvcGRmL0JpYkRlc2svZVNjaWVuY2VfTHVja293XzIwMTJhLnBkZgATAA0vVm9sdW1lcy9EYXRhAP//AACABtIbHB0eWiRjbGFzc25hbWVYJGNsYXNzZXNdTlNNdXRhYmxlRGF0YaMdHyBWTlNEYXRhWE5TT2JqZWN00hscIiNcTlNEaWN0aW9uYXJ5oiIgXxAPTlNLZXllZEFyY2hpdmVy0SYnVHJvb3SAAQAIABEAGgAjAC0AMgA3AEAARgBNAFUAYABnAGoAbABuAHEAcwB1AHcAhACOAN4A4wDrArcCuQK+AskC0gLgAuQC6wL0AvkDBgMJAxsDHgMjAAAAAAAAAgEAAAAAAAAAKAAAAAAAAAAAAAAAAAAAAyU=}}

@article{Theobald:2005vn,
	Author = {Theobald, Douglas L},
	Date-Added = {2017-02-24 00:00:02 +0000},
	Date-Modified = {2017-02-24 00:00:02 +0000},
	Doi = {10.1107/S0108767305015266},
	Journal = {Acta Crystallogr A},
	Journal-Full = {Acta crystallographica. Section A, Foundations of crystallography},
	Month = {Jul},
	Number = {Pt 4},
	Pages = {478-80},
	Pmid = {15973002},
	Pst = {ppublish},
	Title = {Rapid calculation of {RMSDs} using a quaternion-based characteristic polynomial},
	Volume = {61},
	Year = {2005},
	Abstract = {A common measure of conformational similarity in structural bioinformatics is the minimum root mean square deviation (RMSD) between the coordinates of two macromolecules. In many applications, the rotations relating the structures are not needed. Several common algorithms for calculating RMSDs require the computationally costly procedures of determining either the eigen decomposition or matrix inversion of a 3x3 or 4x4 matrix. Using a quaternion-based method, here a simple algorithm is developed that rapidly and stably determines RMSDs by circumventing the decomposition and inversion problems.},
	Bdsk-File-1 = {YnBsaXN0MDDUAQIDBAUGJCVYJHZlcnNpb25YJG9iamVjdHNZJGFyY2hpdmVyVCR0b3ASAAGGoKgHCBMUFRYaIVUkbnVsbNMJCgsMDxJXTlMua2V5c1pOUy5vYmplY3RzViRjbGFzc6INDoACgAOiEBGABIAFgAdccmVsYXRpdmVQYXRoWWFsaWFzRGF0YV8QXC4uLy4uLy4uLy4uLy4uLy4uLy4uLy4uLy4uL1B1YmxpY2F0aW9ucy9wZGYvQmliRGVzay9BY3RhIENyeXN0YWxsb2dyIEFfNjFfVGhlb2JhbGRfMjAwNWEucGRm0hcLGBlXTlMuZGF0YU8RAfwAAAAAAfwAAgAABERhdGEAAAAAAAAAAAAAAAAAAAAAAAAAAAAAANMkDAxIKwAAABYyQB9BY3RhIENyeXN0YWxsb2dyIEFfNiMxNjM5Q0QucGRmAAAAAAAAAAAAAAAAAAAAAAAAAAAAAAAAAAAAAAAAAAAAFjnNynf3rwAAAAAAAAAAAAkABAAACQAAAAAAAAAAAAAAAAAAAAAHQmliRGVzawAAEAAIAADTJG58AAAAEQAIAADKeFofAAAAAQAUABYyQAAWMj4AFi9YABU+DAAAGeEAAgBTRGF0YTpvbGl2ZXI6AERvY3VtZW50czoAUHVibGljYXRpb25zOgBwZGY6AEJpYkRlc2s6AEFjdGEgQ3J5c3RhbGxvZ3IgQV82IzE2MzlDRC5wZGYAAA4AUgAoAEEAYwB0AGEAIABDAHIAeQBzAHQAYQBsAGwAbwBnAHIAIABBAF8ANgAxAF8AVABoAGUAbwBiAGEAbABkAF8AMgAwADAANQBhAC4AcABkAGYADwAKAAQARABhAHQAYQASAFMvb2xpdmVyL0RvY3VtZW50cy9QdWJsaWNhdGlvbnMvcGRmL0JpYkRlc2svQWN0YSBDcnlzdGFsbG9nciBBXzYxX1RoZW9iYWxkXzIwMDVhLnBkZgAAEwANL1ZvbHVtZXMvRGF0YQD//wAAgAbSGxwdHlokY2xhc3NuYW1lWCRjbGFzc2VzXU5TTXV0YWJsZURhdGGjHR8gVk5TRGF0YVhOU09iamVjdNIbHCIjXE5TRGljdGlvbmFyeaIiIF8QD05TS2V5ZWRBcmNoaXZlctEmJ1Ryb290gAEACAARABoAIwAtADIANwBAAEYATQBVAGAAZwBqAGwAbgBxAHMAdQB3AIQAjgDtAPIA+gL6AvwDAQMMAxUDIwMnAy4DNwM8A0kDTANeA2EDZgAAAAAAAAIBAAAAAAAAACgAAAAAAAAAAAAAAAAAAANo},
	Bdsk-Url-1 = {http://dx.doi.org/10.1107/S0108767305015266}}

@inproceedings{Rocklin:2015aa,
	Author = {Rocklin, Matthew},
	Booktitle = {Proceedings of the 14th Python in Science Conference},
	Date-Added = {2017-02-23 23:54:22 +0000},
	Date-Modified = {2017-02-23 23:54:22 +0000},
	Keywords = {parallelism, NumPy, scheduling, Python},
	Number = {130--136},
	Title = {Dask: Parallel Computation with Blocked algorithms and Task Scheduling},
	Url = {https://github.com/dask/dask},
	Year = {2015},
	Abstract = {Dask enables parallel and out-of-core computation. We couple blocked algorithms with dynamic and memory aware task scheduling to achieve a parallel and out-of-core NumPy clone. We show how this extends the effective scale of modern hardware to larger datasets and discuss how these ideas can be more broadly applied to other parallel collections.},
	Bdsk-File-1 = {YnBsaXN0MDDUAQIDBAUGJCVYJHZlcnNpb25YJG9iamVjdHNZJGFyY2hpdmVyVCR0b3ASAAGGoKgHCBMUFRYaIVUkbnVsbNMJCgsMDxJXTlMua2V5c1pOUy5vYmplY3RzViRjbGFzc6INDoACgAOiEBGABIAFgAdccmVsYXRpdmVQYXRoWWFsaWFzRGF0YV8QIy4uLy4uL0Rvd25sb2Fkcy9tYXR0aGV3X3JvY2tsaW4ucGRm0hcLGBlXTlMuZGF0YU8RAXIAAAAAAXIAAgAABERhdGEAAAAAAAAAAAAAAAAAAAAAAAAAAAAAANMkDAxIKwAAABmb2RNtYXR0aGV3X3JvY2tsaW4ucGRmAAAAAAAAAAAAAAAAAAAAAAAAAAAAAAAAAAAAAAAAAAAAAAAAAAAAAAAAAAAASoB/03N3aAAAAAAAAAAAAAIAAgAACQAAAAAAAAAAAAAAAAAAAAAJRG93bmxvYWRzAAAQAAgAANMkbnwAAAARAAgAANNz2dgAAAABAAgAGZvZAAAZ4QACACtEYXRhOm9saXZlcjoARG93bmxvYWRzOgBtYXR0aGV3X3JvY2tsaW4ucGRmAAAOACgAEwBtAGEAdAB0AGgAZQB3AF8AcgBvAGMAawBsAGkAbgAuAHAAZABmAA8ACgAEAEQAYQB0AGEAEgAlL29saXZlci9Eb3dubG9hZHMvbWF0dGhld19yb2NrbGluLnBkZgAAEwANL1ZvbHVtZXMvRGF0YQD//wAAgAbSGxwdHlokY2xhc3NuYW1lWCRjbGFzc2VzXU5TTXV0YWJsZURhdGGjHR8gVk5TRGF0YVhOU09iamVjdNIbHCIjXE5TRGljdGlvbmFyeaIiIF8QD05TS2V5ZWRBcmNoaXZlctEmJ1Ryb290gAEACAARABoAIwAtADIANwBAAEYATQBVAGAAZwBqAGwAbgBxAHMAdQB3AIQAjgC0ALkAwQI3AjkCPgJJAlICYAJkAmsCdAJ5AoYCiQKbAp4CowAAAAAAAAIBAAAAAAAAACgAAAAAAAAAAAAAAAAAAAKl},
	Bdsk-Url-1 = {https://github.com/dask/dask}}

@article{Case:2005uq,
	Author = {Case, David A and Cheatham, 3rd, Thomas E and Darden, Tom and Gohlke, Holger and Luo, Ray and Merz, Jr, Kenneth M and Onufriev, Alexey and Simmerling, Carlos and Wang, Bing and Woods, Robert J},
	Date-Added = {2017-02-23 23:53:43 +0000},
	Date-Modified = {2017-02-23 23:53:43 +0000},
	Doi = {10.1002/jcc.20290},
	Journal = {J Comput Chem},
	Journal-Full = {Journal of computational chemistry},
	Keywords = {AMBER, ptraj},
	Mesh = {Algorithms; Carbohydrates; Computer Simulation; Models, Biological; Models, Chemical; Models, Molecular; Nucleic Acids; Proteins; Software; Thermodynamics},
	Number = {16},
	Pages = {1668-1688},
	Pmc = {PMC1989667},
	Pmid = {16200636},
	Pst = {ppublish},
	Title = {The Amber biomolecular simulation programs},
	Volume = {26},
	Year = {2005},
	Abstract = {We describe the development, current features, and some directions for future development of the Amber package of computer programs. This package evolved from a program that was constructed in the late 1970s to do Assisted Model Building with Energy Refinement, and now contains a group of programs embodying a number of powerful tools of modern computational chemistry, focused on molecular dynamics and free energy calculations of proteins, nucleic acids, and carbohydrates.},
	Bdsk-Url-1 = {http://dx.doi.org/10.1002/jcc.20290}}

@article{Brooks:2009pt,
	Address = {Laboratory of Computational Biology, National Heart, Lung, and Blood Institute, National Institutes of Health, Bethesda, Maryland 20892, USA. brbrooks@helix.nih.gov},
	Author = {Brooks, B R and Brooks III., C L and Mackerell, A D Jr and Nilsson, L and Petrella, R J and Roux, B and Won, Y and Archontis, G and Bartels, C and Boresch, S and Caflisch, A and Caves, L and Cui, Q and Dinner, A R and Feig, M and Fischer, S and Gao, J and Hodoscek, M and Im, W and Kuczera, K and Lazaridis, T and Ma, J and Ovchinnikov, V and Paci, E and Pastor, R W and Post, C B and Pu, J Z and Schaefer, M and Tidor, B and Venable, R M and Woodcock, H L and Wu, X and Yang, W and York, D M and Karplus, M},
	Copyright = {Copyright 2009 Wiley Periodicals, Inc.},
	Crdt = {2009/05/16 09:00},
	Da = {20090602},
	Date = {2009 Jul 30},
	Date-Added = {2017-02-23 23:53:23 +0000},
	Date-Modified = {2017-02-24 00:09:04 +0000},
	Doi = {10.1002/jcc.21287},
	Edat = {2009/05/16 09:00},
	Gr = {RR023920/RR/NCRR NIH HHS/United States},
	Issn = {1096-987X (Electronic)},
	Jid = {9878362},
	Journal = {J Comp Chem},
	Jt = JCompChem,
	Keywords = {Charmm},
	Language = {eng},
	Mhda = {2009/05/16 09:00},
	Month = {Jul},
	Number = {10},
	Own = {NLM},
	Pages = {1545--1614},
	Pl = {United States},
	Pmid = {19444816},
	Pst = {ppublish},
	Pt = {Journal Article; Research Support, N.I.H., Extramural; Research Support, N.I.H., Intramural; Research Support, Non-U.S. Gov't; Research Support, U.S. Gov't, Non-P.H.S.},
	Sb = {IM},
	Status = {In-Process},
	Title = {{CHARMM}: the biomolecular simulation program.},
	Volume = {30},
	Year = {2009},
	Abstract = {CHARMM (Chemistry at HARvard Molecular Mechanics) is a highly versatile and widely used molecular simulation program. It has been developed over the last three decades with a primary focus on molecules of biological interest, including proteins, peptides, lipids, nucleic acids, carbohydrates, and small molecule ligands, as they occur in solution, crystals, and membrane environments. For the study of such systems, the program provides a large suite of computational tools that include numerous conformational and path sampling methods, free energy estimators, molecular minimization, dynamics, and analysis techniques, and model-building capabilities. The CHARMM program is applicable to problems involving a much broader class of many-particle systems. Calculations with CHARMM can be performed using a number of different energy functions and models, from mixed quantum mechanical-molecular mechanical force fields, to all-atom classical potential energy functions with explicit solvent and various boundary conditions, to implicit solvent and membrane models. The program has been ported to numerous platforms in both serial and parallel architectures. This article provides an overview of the program as it exists today with an emphasis on developments since the publication of the original CHARMM article in 1983.},
	Annote = {new Charmm reference},
	Bdsk-File-1 = {YnBsaXN0MDDUAQIDBAUGJCVYJHZlcnNpb25YJG9iamVjdHNZJGFyY2hpdmVyVCR0b3ASAAGGoKgHCBMUFRYaIVUkbnVsbNMJCgsMDxJXTlMua2V5c1pOUy5vYmplY3RzViRjbGFzc6INDoACgAOiEBGABIAFgAdccmVsYXRpdmVQYXRoWWFsaWFzRGF0YV8QVS4uLy4uLy4uLy4uLy4uLy4uLy4uLy4uLy4uL1B1YmxpY2F0aW9ucy9wZGYvQmliRGVzay9KIENvbXB1dCBDaGVtXzMwX0Jyb29rc18yMDA5YS5wZGbSFwsYGVdOUy5kYXRhTxEB5gAAAAAB5gACAAAERGF0YQAAAAAAAAAAAAAAAAAAAAAAAAAAAAAA0yQMDEgrAAAAFjJAH0ogQ29tcHV0IENoZW1fMzBfQnJvIzE2NTJENi5wZGYAAAAAAAAAAAAAAAAAAAAAAAAAAAAAAAAAAAAAAAAAAAAWUtbKZXWfAAAAAAAAAAAACQAEAAAJAAAAAAAAAAAAAAAAAAAAAAdCaWJEZXNrAAAQAAgAANMkbnwAAAARAAgAAMpl2A8AAAABABQAFjJAABYyPgAWL1gAFT4MAAAZ4QACAFNEYXRhOm9saXZlcjoARG9jdW1lbnRzOgBQdWJsaWNhdGlvbnM6AHBkZjoAQmliRGVzazoASiBDb21wdXQgQ2hlbV8zMF9Ccm8jMTY1MkQ2LnBkZgAADgBEACEASgAgAEMAbwBtAHAAdQB0ACAAQwBoAGUAbQBfADMAMABfAEIAcgBvAG8AawBzAF8AMgAwADAAOQBhAC4AcABkAGYADwAKAAQARABhAHQAYQASAEwvb2xpdmVyL0RvY3VtZW50cy9QdWJsaWNhdGlvbnMvcGRmL0JpYkRlc2svSiBDb21wdXQgQ2hlbV8zMF9Ccm9va3NfMjAwOWEucGRmABMADS9Wb2x1bWVzL0RhdGEA//8AAIAG0hscHR5aJGNsYXNzbmFtZVgkY2xhc3Nlc11OU011dGFibGVEYXRhox0fIFZOU0RhdGFYTlNPYmplY3TSGxwiI1xOU0RpY3Rpb25hcnmiIiBfEA9OU0tleWVkQXJjaGl2ZXLRJidUcm9vdIABAAgAEQAaACMALQAyADcAQABGAE0AVQBgAGcAagBsAG4AcQBzAHUAdwCEAI4A5gDrAPMC3QLfAuQC7wL4AwYDCgMRAxoDHwMsAy8DQQNEA0kAAAAAAAACAQAAAAAAAAAoAAAAAAAAAAAAAAAAAAADSw==},
	Bdsk-Url-1 = {http://dx.doi.org/10.1002/jcc.21287}}

@article{Nelson:1996la,
	Address = {2455 TELLER RD, THOUSAND OAKS, CA 91320},
	Author = {Nelson, MT and Humphrey, W and Gursoy, A and Dalke, A and Kale, LV and Skeel, RD and Schulten, K},
	Date = {WIN 1996},
	Date-Added = {2017-02-23 23:52:35 +0000},
	Date-Modified = {2017-02-23 23:52:35 +0000},
	Journal = {International Journal of Supercomputer Applications and High Performance Computing},
	Keywords = {NAMD, molecular dynamics method, ALGORITHM, Software},
	Pages = {251-268},
	Publisher = {SAGE PUBLICATIONS INC},
	Timescited = {57},
	Title = {NAMD: A parallel, object oriented molecular dynamics program},
	Volume = {10},
	Year = {1996},
	Abstract = {NAMD is a molecular dynamics program designed for high performance simulations of large biomolecular systems on parallel computers. An object-oriented design implemented using C++ facilitates the incorporation of new algorithms into the program. NAMD uses spatial decomposition coupled with a multithreaded, message-driven design, which is shown to scale efficiently to multiple processors. Also, NAMD incorporates the distributed parallel multipole tree algorithm for full electrostatic force evaluation in O(N) time. NAMD can be connected via a communication system to a molecular graphics program in order to provide an interactive modeling tool for viewing and modifying a running simulation. The application of NAMD to a protein-water system of 32,867 atoms illustrates the performance of NAMD.}}

@article{Phillips:2005ek,
	Address = {111 RIVER ST, HOBOKEN, NJ 07030 USA},
	Author = {Phillips, JC and Braun, R and Wang, W and Gumbart, J and Tajkhorshid, E and Villa, E and Chipot, C and Skeel, RD and Kale, L and Schulten, K},
	Date-Added = {2017-02-23 23:52:35 +0000},
	Date-Modified = {2017-02-23 23:52:35 +0000},
	Doi = {10.1002/jcc.20289},
	Journal = {J Comput Chem},
	Keywords = {NAMD, molecular dynamics method, ALGORITHM, Software, biomolecular simulation; molecular dynamics; parallel computing},
	Pages = {1781-1802},
	Publisher = {JOHN WILEY \& SONS INC},
	Timescited = {276},
	Title = {Scalable molecular dynamics with {NAMD}},
	Volume = {26},
	Year = {2005},
	Abstract = {NAMD is a parallel molecular dynamics code designed for high-performance simulation of large biomolecular systems. NAMD scales to hundreds of processors on high-end parallel platforms, as well as tens of processors on low-cost commodity clusters, and also runs on individual desktop and laptop computers. NAMD works with AMBER and CHARMM potential functions, parameters, and file formats. This article, directed to novices as well as experts, first introduces concepts and methods used in the NAMD program, describing the classical molecular dynamics force field, equations of motion, and integration methods along with the efficient electrostatics evaluation algorithms employed and temperature and pressure controls used. Features for steering the simulation across barriers and for calculating both alchemical and conformational free energy differences are presented. The motivations for and a roadmap to the internal design of NAMD, implemented in C++ and based on Charm++ parallel objects, are outlined. The factors affecting the serial and parallel performance of a simulation are discussed. Finally, typical NAMD use is illustrated with representative applications to a small, a medium, and a large biomolecular system, highlighting particular features of NAMD. for example, the Tcl scripting language. The article also provides a list of the key features of NAMD and discusses the benefits of combining NAMD with the molecular graphics/sequence analysis software VMD and the grid computing/collaboratory software BioCoRE. NAMD is distributed free of charge with source code at www.ks.uiuc.edu. (c) 2005 Wiley Periodicals, Inc.},
	Bdsk-File-1 = {YnBsaXN0MDDUAQIDBAUGJCVYJHZlcnNpb25YJG9iamVjdHNZJGFyY2hpdmVyVCR0b3ASAAGGoKgHCBMUFRYaIVUkbnVsbNMJCgsMDxJXTlMua2V5c1pOUy5vYmplY3RzViRjbGFzc6INDoACgAOiEBGABIAFgAdccmVsYXRpdmVQYXRoWWFsaWFzRGF0YV8QUy4uLy4uLy4uLy4uLy4uLy4uLy4uLy4uLy4uL1B1YmxpY2F0aW9ucy9wZGYvQmliRGVzay9KIENvbXB1dCBDaGVtXzI2X1BoaWxsaXBzXzIwMDVh0hcLGBlXTlMuZGF0YU8RAeAAAAAAAeAAAgAABERhdGEAAAAAAAAAAAAAAAAAAAAAAAAAAAAAANMkDAxIKwAAABYyQB9KIENvbXB1dCBDaGVtXzI2X1BoaWxsaXBzXzIwMDVhAAAAAAAAAAAAAAAAAAAAAAAAAAAAAAAAAAAAAAAAAAAAFlLFyDTq3wAAAAAAAAAAAAkABAAACQAAAAAAAAAAAAAAAAAAAAAHQmliRGVzawAAEAAIAADTJG58AAAAEQAIAADINU1PAAAAAQAUABYyQAAWMj4AFi9YABU+DAAAGeEAAgBTRGF0YTpvbGl2ZXI6AERvY3VtZW50czoAUHVibGljYXRpb25zOgBwZGY6AEJpYkRlc2s6AEogQ29tcHV0IENoZW1fMjZfUGhpbGxpcHNfMjAwNWEAAA4AQAAfAEoAIABDAG8AbQBwAHUAdAAgAEMAaABlAG0AXwAyADYAXwBQAGgAaQBsAGwAaQBwAHMAXwAyADAAMAA1AGEADwAKAAQARABhAHQAYQASAEovb2xpdmVyL0RvY3VtZW50cy9QdWJsaWNhdGlvbnMvcGRmL0JpYkRlc2svSiBDb21wdXQgQ2hlbV8yNl9QaGlsbGlwc18yMDA1YQATAA0vVm9sdW1lcy9EYXRhAP//AACABtIbHB0eWiRjbGFzc25hbWVYJGNsYXNzZXNdTlNNdXRhYmxlRGF0YaMdHyBWTlNEYXRhWE5TT2JqZWN00hscIiNcTlNEaWN0aW9uYXJ5oiIgXxAPTlNLZXllZEFyY2hpdmVy0SYnVHJvb3SAAQAIABEAGgAjAC0AMgA3AEAARgBNAFUAYABnAGoAbABuAHEAcwB1AHcAhACOAOQA6QDxAtUC1wLcAucC8AL+AwIDCQMSAxcDJAMnAzkDPANBAAAAAAAAAgEAAAAAAAAAKAAAAAAAAAAAAAAAAAAAA0M=},
	Bdsk-Url-1 = {http://dx.doi.org/10.1002/jcc.20289}}

@article{Abraham:2015aa,
	Author = {Abraham, Mark James and Murtola, Teemu and Schulz, Roland and P{\'a}ll, Szil{\'a}rd and Smith, Jeremy C. and Hess, Berk and Lindahl, Erik},
	Date-Added = {2017-02-23 23:52:11 +0000},
	Date-Modified = {2017-02-23 23:52:11 +0000},
	Doi = {10.1016/j.softx.2015.06.001},
	Issn = {2352-7110},
	Journal = {SoftwareX},
	Keywords = {Gromacs, software, Gromacs 5, Free energy},
	Pages = {19 - 25},
	Title = {{GROMACS}: High performance molecular simulations through multi-level parallelism from laptops to supercomputers},
	Volume = {1--2},
	Year = {2015},
	Abstract = {Abstract \{GROMACS\} is one of the most widely used open-source and free software codes in chemistry, used primarily for dynamical simulations of biomolecules. It provides a rich set of calculation types, preparation and analysis tools. Several advanced techniques for free-energy calculations are supported. In version 5, it reaches new performance heights, through several new and enhanced parallelization algorithms. These work on every level; \{SIMD\} registers inside cores, multithreading, heterogeneous CPU--GPU acceleration, state-of-the-art 3D domain decomposition, and ensemble-level parallelization through built-in replica exchange and the separate Copernicus framework. The latest best-in-class compressed trajectory storage format is supported. },
	Bdsk-File-1 = {YnBsaXN0MDDUAQIDBAUGJCVYJHZlcnNpb25YJG9iamVjdHNZJGFyY2hpdmVyVCR0b3ASAAGGoKgHCBMUFRYaIVUkbnVsbNMJCgsMDxJXTlMua2V5c1pOUy5vYmplY3RzViRjbGFzc6INDoACgAOiEBGABIAFgAdccmVsYXRpdmVQYXRoWWFsaWFzRGF0YW8QUwAuAC4ALwAuAC4ALwAuAC4ALwAuAC4ALwAuAC4ALwAuAC4ALwAuAC4ALwAuAC4ALwAuAC4ALwBQAHUAYgBsAGkAYwBhAHQAaQBvAG4AcwAvAHAAZABmAC8AQgBpAGIARABlAHMAawAvAFMAbwBmAHQAdwBhAHIAZQBYAF8AMSATADIAXwBBAGIAcgBhAGgAYQBtAF8AMgAwADEANQBhAC4AcABkAGbSFwsYGVdOUy5kYXRhTxEB4gAAAAAB4gACAAAERGF0YQAAAAAAAAAAAAAAAAAAAAAAAAAAAAAA0yQMDEgrAAAAFjJAH1NvZnR3YXJlWF8x0DJfQWJyYWhhbV8yMDE1YS5wZGYAAAAAAAAAAAAAAAAAAAAAAAAAAAAAAAAAAAAAAAAAAAAWf/jS7z/9AAAAAAAAAAAACQAEAAAJAAAAAAAAAAAAAAAAAAAAAAdCaWJEZXNrAAAQAAgAANMkbnwAAAARAAgAANLvom0AAAABABQAFjJAABYyPgAWL1gAFT4MAAAZ4QACAFNEYXRhOm9saXZlcjoARG9jdW1lbnRzOgBQdWJsaWNhdGlvbnM6AHBkZjoAQmliRGVzazoAU29mdHdhcmVYXzHQMl9BYnJhaGFtXzIwMTVhLnBkZgAADgBAAB8AUwBvAGYAdAB3AGEAcgBlAFgAXwAxIBMAMgBfAEEAYgByAGEAaABhAG0AXwAyADAAMQA1AGEALgBwAGQAZgAPAAoABABEAGEAdABhABIATC9vbGl2ZXIvRG9jdW1lbnRzL1B1YmxpY2F0aW9ucy9wZGYvQmliRGVzay9Tb2Z0d2FyZVhfMeKAkzJfQWJyYWhhbV8yMDE1YS5wZGYAEwANL1ZvbHVtZXMvRGF0YQD//wAAgAbSGxwdHlokY2xhc3NuYW1lWCRjbGFzc2VzXU5TTXV0YWJsZURhdGGjHR8gVk5TRGF0YVhOU09iamVjdNIbHCIjXE5TRGljdGlvbmFyeaIiIF8QD05TS2V5ZWRBcmNoaXZlctEmJ1Ryb290gAEACAARABoAIwAtADIANwBAAEYATQBVAGAAZwBqAGwAbgBxAHMAdQB3AIQAjgE3ATwBRAMqAywDMQM8A0UDUwNXA14DZwNsA3kDfAOOA5EDlgAAAAAAAAIBAAAAAAAAACgAAAAAAAAAAAAAAAAAAAOY},
	Bdsk-Url-1 = {http://www.sciencedirect.com/science/article/pii/S2352711015000059},
	Bdsk-Url-2 = {http://dx.doi.org/10.1016/j.softx.2015.06.001}}

@article{Michaud-Agrawal:2011fu,
	Author = {Michaud-Agrawal, Naveen and Denning, Elizabeth Jane and Woolf, Thomas B. and Beckstein, Oliver},
	Date-Added = {2017-02-23 23:50:13 +0000},
	Date-Modified = {2017-02-23 23:50:13 +0000},
	Doi = {10.1002/jcc.21787},
	Journal = {J Comp Chem},
	Keywords = {MDAnalysis, molecular dynamics (MD) simulation, Python},
	Pages = {2319--2327},
	Title = {{MDAnalysis}: A Toolkit for the Analysis of Molecular Dynamics Simulations},
	Volume = {32},
	Year = {2011},
	Abstract = {MDAnalysis is an object-oriented library for structural and temporal analysis of molecular dynamics (MD) simulation trajectories and individual protein structures. It is written in the Python language with some performance-critical code in C. It uses the powerful NumPy package to expose trajectory data as fast and efficient NumPy arrays. It has been tested on systems of millions of particles. Many common file formats of simulation packages including CHARMM, Gromacs, and NAMD and the Protein Data Bank format can be read and written.  Atoms can be selected with a syntax similar to CHARMM's powerful selection commands. MDAnalysis enables both novice and experienced programmers to rapidly write their own analytical tools and access data stored in trajectories in an easily accessible manner that facilitates interactive explorative analysis. MDAnalysis has been tested on and works for most Unix-based platforms such as Linux and Mac OS X. It is freely available under the GNU Public License from http://mdanalysis.googlecode.com.},
	Bdsk-File-1 = {YnBsaXN0MDDUAQIDBAUGJCVYJHZlcnNpb25YJG9iamVjdHNZJGFyY2hpdmVyVCR0b3ASAAGGoKgHCBMUFRYaIVUkbnVsbNMJCgsMDxJXTlMua2V5c1pOUy5vYmplY3RzViRjbGFzc6INDoACgAOiEBGABIAFgAdccmVsYXRpdmVQYXRoWWFsaWFzRGF0YV8QXC4uLy4uLy4uLy4uLy4uLy4uLy4uLy4uLy4uL1B1YmxpY2F0aW9ucy9wZGYvQmliRGVzay9KIENvbXAgQ2hlbV8zMl9NaWNoYXVkLUFncmF3YWxfMjAxMWEucGRm0hcLGBlXTlMuZGF0YU8RAfwAAAAAAfwAAgAABERhdGEAAAAAAAAAAAAAAAAAAAAAAAAAAAAAANMkDAxIKwAAABYyQB9KIENvbXAgQ2hlbV8zMl9NaWNoYSMxNjUyODkucGRmAAAAAAAAAAAAAAAAAAAAAAAAAAAAAAAAAAAAAAAAAAAAFlKJy+PohAAAAAAAAAAAAAkABAAACQAAAAAAAAAAAAAAAAAAAAAHQmliRGVzawAAEAAIAADTJG58AAAAEQAIAADL5Er0AAAAAQAUABYyQAAWMj4AFi9YABU+DAAAGeEAAgBTRGF0YTpvbGl2ZXI6AERvY3VtZW50czoAUHVibGljYXRpb25zOgBwZGY6AEJpYkRlc2s6AEogQ29tcCBDaGVtXzMyX01pY2hhIzE2NTI4OS5wZGYAAA4AUgAoAEoAIABDAG8AbQBwACAAQwBoAGUAbQBfADMAMgBfAE0AaQBjAGgAYQB1AGQALQBBAGcAcgBhAHcAYQBsAF8AMgAwADEAMQBhAC4AcABkAGYADwAKAAQARABhAHQAYQASAFMvb2xpdmVyL0RvY3VtZW50cy9QdWJsaWNhdGlvbnMvcGRmL0JpYkRlc2svSiBDb21wIENoZW1fMzJfTWljaGF1ZC1BZ3Jhd2FsXzIwMTFhLnBkZgAAEwANL1ZvbHVtZXMvRGF0YQD//wAAgAbSGxwdHlokY2xhc3NuYW1lWCRjbGFzc2VzXU5TTXV0YWJsZURhdGGjHR8gVk5TRGF0YVhOU09iamVjdNIbHCIjXE5TRGljdGlvbmFyeaIiIF8QD05TS2V5ZWRBcmNoaXZlctEmJ1Ryb290gAEACAARABoAIwAtADIANwBAAEYATQBVAGAAZwBqAGwAbgBxAHMAdQB3AIQAjgDtAPIA+gL6AvwDAQMMAxUDIwMnAy4DNwM8A0kDTANeA2EDZgAAAAAAAAIBAAAAAAAAACgAAAAAAAAAAAAAAAAAAANo},
	Bdsk-File-2 = {YnBsaXN0MDDUAQIDBAUGJCVYJHZlcnNpb25YJG9iamVjdHNZJGFyY2hpdmVyVCR0b3ASAAGGoKgHCBMUFRYaIVUkbnVsbNMJCgsMDxJXTlMua2V5c1pOUy5vYmplY3RzViRjbGFzc6INDoACgAOiEBGABIAFgAdccmVsYXRpdmVQYXRoWWFsaWFzRGF0YV8QXi4uLy4uLy4uLy4uLy4uLy4uLy4uLy4uLy4uL1B1YmxpY2F0aW9ucy9wZGYvQmliRGVzay9KIENvbXAgQ2hlbV9lcHViX01pY2hhdWQtQWdyYXdhbF8yMDExYi5wZGbSFwsYGVdOUy5kYXRhTxECAgAAAAACAgACAAAERGF0YQAAAAAAAAAAAAAAAAAAAAAAAAAAAAAA0yQMDEgrAAAAFjJAH0ogQ29tcCBDaGVtX2VwdWJfTWljIzE2NTI5MC5wZGYAAAAAAAAAAAAAAAAAAAAAAAAAAAAAAAAAAAAAAAAAAAAWUpDJ2EXvAAAAAAAAAAAACQAEAAAJAAAAAAAAAAAAAAAAAAAAAAdCaWJEZXNrAAAQAAgAANMkbnwAAAARAAgAAMnYqF8AAAABABQAFjJAABYyPgAWL1gAFT4MAAAZ4QACAFNEYXRhOm9saXZlcjoARG9jdW1lbnRzOgBQdWJsaWNhdGlvbnM6AHBkZjoAQmliRGVzazoASiBDb21wIENoZW1fZXB1Yl9NaWMjMTY1MjkwLnBkZgAADgBWACoASgAgAEMAbwBtAHAAIABDAGgAZQBtAF8AZQBwAHUAYgBfAE0AaQBjAGgAYQB1AGQALQBBAGcAcgBhAHcAYQBsAF8AMgAwADEAMQBiAC4AcABkAGYADwAKAAQARABhAHQAYQASAFUvb2xpdmVyL0RvY3VtZW50cy9QdWJsaWNhdGlvbnMvcGRmL0JpYkRlc2svSiBDb21wIENoZW1fZXB1Yl9NaWNoYXVkLUFncmF3YWxfMjAxMWIucGRmAAATAA0vVm9sdW1lcy9EYXRhAP//AACABtIbHB0eWiRjbGFzc25hbWVYJGNsYXNzZXNdTlNNdXRhYmxlRGF0YaMdHyBWTlNEYXRhWE5TT2JqZWN00hscIiNcTlNEaWN0aW9uYXJ5oiIgXxAPTlNLZXllZEFyY2hpdmVy0SYnVHJvb3SAAQAIABEAGgAjAC0AMgA3AEAARgBNAFUAYABnAGoAbABuAHEAcwB1AHcAhACOAO8A9AD8AwIDBAMJAxQDHQMrAy8DNgM/A0QDUQNUA2YDaQNuAAAAAAAAAgEAAAAAAAAAKAAAAAAAAAAAAAAAAAAAA3A=},
	Bdsk-Url-1 = {http://code.google.com/p/mdanalysis/},
	Bdsk-Url-2 = {http://dx.doi.org/10.1002/jcc.21787}}

@inproceedings{Gowers:2016aa,
	Address = {Austin, TX},
	Author = {Gowers, Richard J. and Linke, Max and Barnoud, Jonathan and Reddy, Tyler J. E. and Melo, Manuel N. and Seyler, Sean L. and Dotson, David L and Doma{\'n}ski, Jan and Buchoux, S{\'e}bastien and Kenney, Ian M. and Beckstein, Oliver},
	Booktitle = {{P}roceedings of the 15th {P}ython in {S}cience {C}onference},
	Date-Added = {2017-02-23 23:50:13 +0000},
	Date-Modified = {2017-02-23 23:50:13 +0000},
	Editor = {Benthall, Sebastian and Rostrup, Scott},
	Keywords = {MDAnalysis, Python, SPIDAL},
	Organization = {SciPy},
	Pages = {102 -- 109},
	Title = {{MDAnalysis}: A {Python} package for the Rapid Analysis of Molecular Dynamics Simulations},
	Url = {http://mdanalysis.org},
	Year = {2016},
	Abstract = {MDAnalysis (http://mdanalysis.org) is a library for structural and temporal analysis of molecular dynamics (MD) simulation trajectories and individual protein structures. MD simulations of biological molecules have become an important tool to elucidate the relationship between molecular structure and physiological function. Simulations are performed with highly optimized software packages on HPC resources but most codes generate output trajectories in their own formats so that the development of new trajectory analysis algorithms is confined to specific user communities and widespread adoption and further development is delayed. MDAnalysis addresses this problem by abstracting access to the raw simulation data and presenting a uniform object-oriented Python interface to the user. It thus enables users to rapidly write code that is portable and immediately usable in virtually all biomolecular simulation communities. The user interface and modular design work equally well in complex scripted work flows, as foundations for other packages, and for interactive and rapid prototyping work in IPython / Jupyter notebooks, especially together with molecular visualization provided by nglview and time series analysis with pandas. MDAnalysis is written in Python and Cython and uses NumPy arrays for easy interoperability with the wider scientific Python ecosystem. It is widely used and forms the foundation for more specialized biomolecular simulation tools. MDAnalysis is available under the GNU General Public License v2. },
	Bdsk-File-1 = {YnBsaXN0MDDUAQIDBAUGJCVYJHZlcnNpb25YJG9iamVjdHNZJGFyY2hpdmVyVCR0b3ASAAGGoKgHCBMUFRYaIVUkbnVsbNMJCgsMDxJXTlMua2V5c1pOUy5vYmplY3RzViRjbGFzc6INDoACgAOiEBGABIAFgAdccmVsYXRpdmVQYXRoWWFsaWFzRGF0YV8QTi4uLy4uLy4uLy4uLy4uLy4uLy4uLy4uLy4uL1B1YmxpY2F0aW9ucy9wZGYvQmliRGVzay9TY2lQeTIwMTZfR293ZXJzXzIwMTZhLnBkZtIXCxgZV05TLmRhdGFPEQHMAAAAAAHMAAIAAAREYXRhAAAAAAAAAAAAAAAAAAAAAAAAAAAAAADTJAwMSCsAAAAWMkAaU2NpUHkyMDE2X0dvd2Vyc18yMDE2YS5wZGYAAAAAAAAAAAAAAAAAAAAAAAAAAAAAAAAAAAAAAAAAAAAAAAAAAE7kgtPva1UAAAAAAAAAAAAJAAQAAAkAAAAAAAAAAAAAAAAAAAAAB0JpYkRlc2sAABAACAAA0yRufAAAABEACAAA0+/NxQAAAAEAFAAWMkAAFjI+ABYvWAAVPgwAABnhAAIATkRhdGE6b2xpdmVyOgBEb2N1bWVudHM6AFB1YmxpY2F0aW9uczoAcGRmOgBCaWJEZXNrOgBTY2lQeTIwMTZfR293ZXJzXzIwMTZhLnBkZgAOADYAGgBTAGMAaQBQAHkAMgAwADEANgBfAEcAbwB3AGUAcgBzAF8AMgAwADEANgBhAC4AcABkAGYADwAKAAQARABhAHQAYQASAEUvb2xpdmVyL0RvY3VtZW50cy9QdWJsaWNhdGlvbnMvcGRmL0JpYkRlc2svU2NpUHkyMDE2X0dvd2Vyc18yMDE2YS5wZGYAABMADS9Wb2x1bWVzL0RhdGEA//8AAIAG0hscHR5aJGNsYXNzbmFtZVgkY2xhc3Nlc11OU011dGFibGVEYXRhox0fIFZOU0RhdGFYTlNPYmplY3TSGxwiI1xOU0RpY3Rpb25hcnmiIiBfEA9OU0tleWVkQXJjaGl2ZXLRJidUcm9vdIABAAgAEQAaACMALQAyADcAQABGAE0AVQBgAGcAagBsAG4AcQBzAHUAdwCEAI4A3wDkAOwCvAK+AsMCzgLXAuUC6QLwAvkC/gMLAw4DIAMjAygAAAAAAAACAQAAAAAAAAAoAAAAAAAAAAAAAAAAAAADKg==},
	Bdsk-Url-1 = {http://conference.scipy.org/proceedings/scipy2016/oliver_beckstein.html}}

@article{Liu:2010kx,
	Author = {Liu, Pu and Agrafiotis, Dimitris K and Theobald, Douglas L},
	Date-Added = {2017-02-23 23:49:50 +0000},
	Date-Modified = {2017-02-23 23:49:50 +0000},
	Doi = {10.1002/jcc.21439},
	Journal = {J Comput Chem},
	Journal-Full = {Journal of computational chemistry},
	Mesh = {Algorithms; Computational Biology; Crystallography; High-Throughput Screening Assays; Protein Conformation; Proteins; Rotation; Time Factors},
	Month = {May},
	Number = {7},
	Pages = {1561-3},
	Pmc = {PMC2958452},
	Pmid = {20017124},
	Pst = {ppublish},
	Title = {Fast determination of the optimal rotational matrix for macromolecular superpositions},
	Volume = {31},
	Year = {2010},
	Abstract = {Finding the rotational matrix that minimizes the sum of squared deviations between two vectors is an important problem in bioinformatics and crystallography. Traditional algorithms involve the inversion or decomposition of a 3 x 3 or 4 x 4 matrix, which can be computationally expensive and numerically unstable in certain cases. Here, we present a simple and robust algorithm to rapidly determine the optimal rotation using a Newton-Raphson quaternion-based method and an adjoint matrix. Our method is at least an order of magnitude more efficient than conventional inversion/decomposition methods, and it should be particularly useful for high-throughput analyses of molecular conformations.},
	Bdsk-File-1 = {YnBsaXN0MDDUAQIDBAUGJCVYJHZlcnNpb25YJG9iamVjdHNZJGFyY2hpdmVyVCR0b3ASAAGGoKgHCBMUFRYaIVUkbnVsbNMJCgsMDxJXTlMua2V5c1pOUy5vYmplY3RzViRjbGFzc6INDoACgAOiEBGABIAFgAdccmVsYXRpdmVQYXRoWWFsaWFzRGF0YV8QUi4uLy4uLy4uLy4uLy4uLy4uLy4uLy4uLy4uL1B1YmxpY2F0aW9ucy9wZGYvQmliRGVzay9KIENvbXB1dCBDaGVtXzMxX0xpdV8yMDEwYS5wZGbSFwsYGVdOUy5kYXRhTxEB3AAAAAAB3AACAAAERGF0YQAAAAAAAAAAAAAAAAAAAAAAAAAAAAAA0yQMDEgrAAAAFjJAHkogQ29tcHV0IENoZW1fMzFfTGl1XzIwMTBhLnBkZgAAAAAAAAAAAAAAAAAAAAAAAAAAAAAAAAAAAAAAAAAAAAAWUuHKd/hGAAAAAAAAAAAACQAEAAAJAAAAAAAAAAAAAAAAAAAAAAdCaWJEZXNrAAAQAAgAANMkbnwAAAARAAgAAMp4WrYAAAABABQAFjJAABYyPgAWL1gAFT4MAAAZ4QACAFJEYXRhOm9saXZlcjoARG9jdW1lbnRzOgBQdWJsaWNhdGlvbnM6AHBkZjoAQmliRGVzazoASiBDb21wdXQgQ2hlbV8zMV9MaXVfMjAxMGEucGRmAA4APgAeAEoAIABDAG8AbQBwAHUAdAAgAEMAaABlAG0AXwAzADEAXwBMAGkAdQBfADIAMAAxADAAYQAuAHAAZABmAA8ACgAEAEQAYQB0AGEAEgBJL29saXZlci9Eb2N1bWVudHMvUHVibGljYXRpb25zL3BkZi9CaWJEZXNrL0ogQ29tcHV0IENoZW1fMzFfTGl1XzIwMTBhLnBkZgAAEwANL1ZvbHVtZXMvRGF0YQD//wAAgAbSGxwdHlokY2xhc3NuYW1lWCRjbGFzc2VzXU5TTXV0YWJsZURhdGGjHR8gVk5TRGF0YVhOU09iamVjdNIbHCIjXE5TRGljdGlvbmFyeaIiIF8QD05TS2V5ZWRBcmNoaXZlctEmJ1Ryb290gAEACAARABoAIwAtADIANwBAAEYATQBVAGAAZwBqAGwAbgBxAHMAdQB3AIQAjgDjAOgA8ALQAtIC1wLiAusC+QL9AwQDDQMSAx8DIgM0AzcDPAAAAAAAAAIBAAAAAAAAACgAAAAAAAAAAAAAAAAAAAM+},
	Bdsk-Url-1 = {http://dx.doi.org/10.1002/jcc.21439}}

@techreport{NetCDF1,
	Author = {Rew, Russ and Davis, Glenn and Emmerson, Steve and Davies, Harvey and Hartne, Ed},
	Institution = {Unidata Program Center},
	Month = {11},
	Title = {{The NetCDF Users Guide, Data Model, Programming Interfaces, and Format for Self-Describing, Portable Data NetCDF Version 4.0-snapshot2008122406.1-beta2}},
	Year = {2008}}

@techreport{NetCDF2,
	Author = {Li, Jianwei and Liao, Wei-keng and Choudhary, Alok and Ross, Robert and Thakur, Rajeev and Gropp, William and Latham, Rob},
	Institution = {ECE Department, Northwestern University, MCS Division, Argonne National Laboratory},
	Title = {{Parallel netCDF: A Scientific High-Performance I/O Interface}},
	Year = {2003}}

@book{NetCDF3,
	Address = {340 Pine Street, Sixth Floor, San Francisco, CA 94104-3205, USA},
	Author = {May, John M.},
	Publisher = {Morgan Kaufmann},
	Title = {Parallel I/O For High Performance Computing},
	Year = {2001}}
